% ========================================
% =               STRINGS                =
% ========================================



% ========================================
% =             REFERENCES               =
% ========================================

@misc{ buzz_arxiv,
	author = {Carlo Pinciroli and Adam Lee-Brown and Giovanni Beltrame},
	title = {Buzz: An Extensible Programming Language for Self-Organizing Heterogeneous Robot Swarms},
	year = {2015},
	url = {https://arxiv.org/abs/1507.05946}
},

@misc { khepera_specs,
	author = {{K-Team Corporation}},
	title = {{Khepera IV Specifications}},
	url = {https://www.k-team.com/mobile-robotics-products/khepera-iv/specifications}
}